@book{montenbruck,
  title     = {Satellite Orbits: Models, Methods, and Applications},
  author    = {Montenbruck, Oliver and Gill, Eberhard},
  year      = {2005},
  publisher = {Springer},
  isbn      = {978-3-540-67280-7}
}

@book{vallado,
  title     = {Fundamentals of Astrodynamics and Applications},
  author    = {Vallado, David A.},
  editor    = {Wayne D. McClain},
  year      = {2013},
  publisher = {The Space Technology Library},
  isbn      = {978-1-881-88318-0}
}

@book{batemuellerwhite,
  title     = {Fundamentals of Astrodynamics},
  author    = {Bate, Roger R. and Mueller, Donald D. and White, Jerry E.},
  year      = {1971},
  publisher = {Dover Publications},
  isbn      = {978-0-486-60061-8}
}

@book{mathematical_methods,
  title     = {Mathematical Methods for Physics and Engineering: A Comprehensive Guide},
  author    = {Riley, K.F. and Hobson, M.P. and Bence, S.J.},
  year      = {1999},
  publisher = {Cambridge University Press},
  isbn      = {978-0-521-86153-3}
}

@book{goldstein,
  title     = {Classical Mechanics},
  author    = {Goldstein, H. and Poole, C.P. and Safko, J.},
  year      = {2002},
  publisher = {Pearson},
  isbn      = {978-81-317-5891-5}
}

@article{cunningham1970,
  title   = {On the computation of the spherical harmonic terms needed during the numerical integration of the orbital motion of an artificial satellite},
  author  = {Leland E. Cunningham},
  journal = {Celestial mechanics},
  year    = {1970},
  month   = {08},
  volume  = {2},
  pages   = {207-216}
}

@article{completeness_SL,
  author  = {Wang, Aiping and Sun, Jiong and Hao, Xiaoling and Yao, Siqin},
  year    = {2009},
  month   = {09},
  pages   = {},
  title   = {Completeness of Eigenfunctions of Sturm-Liouville Problems with Transmission Conditions},
  volume  = {16},
  journal = {Methods Appl. Anal.},
  doi     = {10.4310/MAA.2009.v16.n3.a2}
}

@article{lieske1977,
  author   = {{Lieske}, J.~H. and {Lederle}, T. and {Fricke}, W. and {Morando}, B.},
  title    = {{Expressions for the Precession Quantities Based upon the IAU (1976) System of Astronomical Constants}},
  journal  = {\aap},
  keywords = {Celestial Mechanics, Precession, Reference Systems, Celestial Bodies, Ecliptic, Solar System, Tables (Data), Astronomy},
  year     = {1977},
  month    = {06},
  volume   = {58},
  pages    = {1-16},
  adsurl   = {https://ui.adsabs.harvard.edu/abs/1977A&A....58....1L},
  adsnote  = {Provided by the SAO/NASA Astrophysics Data System}
}



@misc{florida:legendre,
  author       = {Hamid Meziani},
  howpublished = {Lecture Notes: MAP4401-5317, Florida International University},
  title        = {Legendre Polynomials and Applications},
  url          = {\url{https://faculty.fiu.edu/~meziani/Note13.pdf}},
  note         = {Accessed: April 7, 2023}
}

@misc{wolfram_associated_legendre_polynomials,
  author       = {Weisstein, Eric W.},
  title        = {Associated Legendre Polynomial. {From MathWorld---A Wolfram Web Resource}},
  howpublished = {\url{https://mathworld.wolfram.com/AssociatedLegendrePolynomial.html}},
  note         = {Accessed: April 7, 2023}
}

@misc{wiki:sturm-liouville,
  author       = {Wikipedia, The Free Encyclopedia},
  title        = {Sturm-Liouville theory},
  howpublished = {\url{https://en.wikipedia.org/wiki/Sturm%E2%80%93Liouville_theory}},
  note         = {Accessed: April 7, 2023}
}

@misc{wiki:cauchy-euler,
  author       = {Wikipedia, The Free Encyclopedia},
  title        = {Cauchy-Euler equation},
  howpublished = {\url{https://en.wikipedia.org/wiki/Cauchy%E2%80%93Euler_equation}},
  note         = {Accessed: April 7, 2023}
}

@misc{wiki:eci,
  author       = {Wikipedia, The Free Encyclopedia},
  title        = {Earth-centered inertial},
  howpublished = {\url{https://en.wikipedia.org/wiki/Earth-centered_inertial}},
  note         = {Accessed: April 14, 2023}
}
